@misc{assembled,
title = {Nasa's James Webb Space Telescope Has Been Assembled For The First Time},
author = {NASA/Chris Gunn},
year = {2019},
howpublished = {https://www.flickr.com/photos/nasawebbtelescope/48636487393/},
}
